@misc{Spec_BLE_5.3,
  author  = {{Bluetooth SIG - Core Specification Working Group}},
  title   = {Bluetooth Core Specification - Revision 5.3},
  year    = {2021},
  month   = {Juli},
  day     = {13},
  version = {5.3}
}


@misc{Statista_SmartphonesDeutschland,
  title        = {Statistiken zur Smartphone-Nutzung in Deutschland | Statista},
  howpublished = {\url{https://de.statista.com/themen/6137/smartphone-nutzung-in-deutschland/}},
  author       = {Tenzer, F.},
  year         = {2022},
  month        = {September},
  note         = {Einsichtnahme: 06.10.2022}
}

@misc{Statscounter_Marktanteil_iOS,
  title        = {Mobile Operating System Market Share Germany | Statcounter Global Stats},
  howpublished = {\url{https://gs.statcounter.com/os-market-share/mobile/germany}},
  author       = {{StatCounter}},
  year         = {2022},
  month        = {September},
  note         = {Einsichtnahme: 06.10.2022}
}


@misc{Apple_WoIst,
  title        = {Mobile Operating System Market Share Germany | Statcounter Global Stats},
  howpublished = {\url{https://www.apple.com/de/icloud/find-my/}},
  author       = {{Apple Inc.}},
  year         = {2022},
  note         = {Einsichtnahme: 06.10.2022}
}
